<collection xmlns="http://www.loc.gov/MARC21/slim">
<record>
  <leader>01064nam0a2200253 i 450 </leader>
  <controlfield tag="001">IT\ICCU\CNCE\026571</controlfield>
  <controlfield tag="005">20091214000000.0</controlfield>
  <datafield tag="012" ind1=" " ind2=" ">
    <subfield code="a">a-ta a.o. ,el- eldi (C) 1590 (A)</subfield>
    <subfield code="2">fei</subfield>
  </datafield>
  <datafield tag="100" ind1=" " ind2=" ">
    <subfield code="a">19971017d1590        0itac0103    ba</subfield>
  </datafield>
  <datafield tag="101" ind1=" " ind2=" ">
    <subfield code="a">ITA</subfield>
  </datafield>
  <datafield tag="102" ind1=" " ind2=" ">
    <subfield code="a">IT</subfield>
  </datafield>
  <datafield tag="200" ind1="1" ind2=" ">
    <subfield code="a">Prouisioni, &amp; ordini intorno all&apos;offitio delli capitani, podest,̉ &amp; vicari, &amp; altri ministri di giustizia dello stato senese. Publicati in balia il primo di maggio. 1590</subfield>
  </datafield>
  <datafield tag="210" ind1=" " ind2=" ">
    <subfield code="a">In Siena</subfield>
    <subfield code="d">1590</subfield>
  </datafield>
  <datafield tag="215" ind1=" " ind2=" ">
    <subfield code="a">22, \i.e 12! c.</subfield>
    <subfield code="d">4ʻ</subfield>
  </datafield>
  <datafield tag="300" ind1=" " ind2=" ">
    <subfield code="a">Stampata presumibilmente da Luca Bonetti</subfield>
  </datafield>
  <datafield tag="620" ind1=" " ind2=" ">
    <subfield code="a">IT</subfield>
    <subfield code="d">Siena</subfield>
  </datafield>
  <datafield tag="710" ind1="0" ind2="2">
    <subfield code="a">Siena</subfield>
    <subfield code="3">8059</subfield>
  </datafield>
  <datafield tag="712" ind1="0" ind2="0">
    <subfield code="a">Bonetti, Luca</subfield>
    <subfield code="3">IT\ICCU\CNCT\000623</subfield>
    <subfield code="4">650</subfield>
  </datafield>
  <datafield tag="791" ind1="0" ind2="0">
    <subfield code="a">Bonettus, Lucas</subfield>
    <subfield code="3">IT\ICCU\CNCT\004717</subfield>
    <subfield code="z">Bonetti, Luca</subfield>
  </datafield>
  <datafield tag="791" ind1="0" ind2="2">
    <subfield code="a">Stamperia del Bonetto</subfield>
    <subfield code="3">IT\ICCU\CNCT\004718</subfield>
    <subfield code="z">Bonetti, Luca</subfield>
  </datafield>
  <datafield tag="801" ind1=" " ind2="3">
    <subfield code="a">IT</subfield>
    <subfield code="b">ICCU</subfield>
    <subfield code="c">20201114</subfield>
  </datafield>
  <datafield tag="899" ind1=" " ind2=" ">
    <subfield code="a">Biblioteca nazionale centrale. Firenze</subfield>
    <subfield code="1">FI0098</subfield>
    <subfield code="2">CFI CF</subfield>
  </datafield>
  <datafield tag="899" ind1=" " ind2=" ">
    <subfield code="a">Biblioteca di area Giuridico Politologica dell&apos;Universit ̉di Siena. Siena</subfield>
    <subfield code="1">SI0104</subfield>
    <subfield code="2">RT1 QU</subfield>
  </datafield>
  <datafield tag="899" ind1=" " ind2=" ">
    <subfield code="a">Biblioteca Reale. Torino</subfield>
    <subfield code="1">TO0263</subfield>
    <subfield code="2">TO0 07</subfield>
  </datafield>
</record>
</collection>
